@article{tanabe1994behavior,
  title={Behavior of a falling paper},
  author={Tanabe, Yoshihiro and Kaneko, Kunihiko},
  journal={Physical review letters},
  volume={73},
  number={10},
  pages={1372},
  year={1994},
  publisher={APS}
}

@article{opengl,
  title={The OpenGL Graphics System: A Specification (Version 4.0 (Core Profile) - March 11, 2010)},
  author={Segal, Mark and Akeley, Kurt},
  link={https://www.opengl.org/registry/doc/glspec40.core.20100311.pdf},
  edited={March 11, 2010}
}

@article{leaf,
	title={A study of dynamics of a falling leaf based on a two-dimensional model},
    author={Yu.P. Emelianova},
    year={2013}}
    
@article{videogameindustry,
	title={Essential Facts About the Computer and Video Game Industry},
	publisher={Entertainment Software Association\textsuperscript{\textregistered}},
	year={2014}
}

@article{andersen2005analysis,
  title={Analysis of transitions between fluttering, tumbling and steady descent of falling cards},
  author={Andersen, Anders and Pesavento, Umberto and Wang, Z},
  journal={Journal of Fluid Mechanics},
  volume={541},
  pages={91--104},
  year={2005},
  publisher={Cambridge Univ Press}
}
@article{stokesApprox,
	title={Theoretical Hydrodynamics},
    author={L.M Milne-Thomson},
    pages={681--682}    
    year={1972}

}
